<record><leader>00000cas a22000007a 4500</leader><controlfield tag="001">15132378</controlfield><controlfield tag="008">870130d185u186upauwr ne      0    0eng d</controlfield><datafield ind1=" " ind2=" " tag="010"><subfield code="a">sn 87079944 </subfield></datafield><datafield ind1=" " ind2=" " tag="040"><subfield code="a">NPH</subfield><subfield code="b">eng</subfield><subfield code="c">NPH</subfield><subfield code="d">OCLCQ</subfield></datafield><datafield ind1="0" ind2="4" tag="245"><subfield code="a">The Indiana true American.</subfield></datafield><datafield ind1="3" ind2="0" tag="246"><subfield code="a">True American</subfield></datafield><datafield ind1=" " ind2=" " tag="260"><subfield code="a">Indiana, Indiana County, Pa. :</subfield><subfield code="b">G.P. Reed &amp; Wm. M'Claran</subfield></datafield><datafield ind1=" " ind2=" " tag="300"><subfield code="a">v. ;</subfield><subfield code="c">56 cm.</subfield></datafield><datafield ind1=" " ind2=" " tag="310"><subfield code="a">Weekly</subfield></datafield><datafield ind1=" " ind2=" " tag="500"><subfield code="a">Publishers: John W. Hill and John McWilliams, &lt;1866&gt;.</subfield></datafield><datafield ind1=" " ind2=" " tag="580"><subfield code="a">Merged with: Indiana weekly register, to form: Indiana register and American. Cf. Rossell.</subfield></datafield><datafield ind1=" " ind2=" " tag="588"><subfield code="a">Description based on: Vol. 3, no. 30 (Aug. 11, 1857).</subfield></datafield><datafield ind1=" " ind2=" " tag="752"><subfield code="a">United States</subfield><subfield code="b">Pennsylvania</subfield><subfield code="c">Indiana</subfield><subfield code="d">Indiana.</subfield></datafield><datafield ind1="0" ind2="0" tag="780"><subfield code="t">True American (Indiana, Pa.)</subfield><subfield code="w">(DLC)sn 88079411</subfield></datafield><datafield ind1="1" ind2="7" tag="785"><subfield code="t">Indiana weekly register</subfield><subfield code="w">(DLC)sn 83032209</subfield></datafield><datafield ind1="1" ind2="7" tag="785"><subfield code="t">Indiana register and American</subfield><subfield code="w">(DLC)sn 87079943</subfield></datafield></record>